@misc{jmp,
    title = {JMP: JAX Mixed Precision},
    howpublished = {\url{https://github.com/google-deepmind/jmp}},
    note = {Accessed: 2024-06-09}
}
@article{mixed_precision_paper,
  title={Mixed precision training},
  author={Micikevicius, Paulius and Narang, Sharan and Alben, Jonah and Diamos, Gregory and Elsen, Erich and Garcia, David and Ginsburg, Boris and Houston, Michael and Kuchaiev, Oleksii and Venkatesh, Ganesh and others},
  journal={arXiv preprint arXiv:1710.03740},
  year={2017}
}

@software{flax2020github,
  author = {Jonathan Heek and Anselm Levskaya and Avital Oliver and Marvin Ritter and Bertrand Rondepierre and Andreas Steiner and Marc van {Z}ee},
  title = {{F}lax: A neural network library and ecosystem for {JAX}},
  url = {http://github.com/google/flax},
  version = {0.10.6},
  year = {2024},
}


@article{kidger2021equinox,
    author={Patrick Kidger and Cristian Garcia},
    title={{E}quinox: neural networks in {JAX} via callable {P}y{T}rees and filtered transformations},
    year={2021},
    journal={Differentiable Programming workshop at Neural Information Processing Systems 2021}
}

@software{deepmind2020jax,
  title = {The {D}eep{M}ind {JAX} {E}cosystem},
  author = {DeepMind and Babuschkin, Igor and Baumli, Kate and Bell, Alison and Bhupatiraju, Surya and Bruce, Jake and Buchlovsky, Peter and Budden, David and Cai, Trevor and Clark, Aidan and Danihelka, Ivo and Dedieu, Antoine and Fantacci, Claudio and Godwin, Jonathan and Jones, Chris and Hemsley, Ross and Hennigan, Tom and Hessel, Matteo and Hou, Shaobo and Kapturowski, Steven and Keck, Thomas and Kemaev, Iurii and King, Michael and Kunesch, Markus and Martens, Lena and Merzic, Hamza and Mikulik, Vladimir and Norman, Tamara and Papamakarios, George and Quan, John and Ring, Roman and Ruiz, Francisco and Sanchez, Alvaro and Sartran, Laurent and Schneider, Rosalia and Sezener, Eren and Spencer, Stephen and Srinivasan, Srivatsan and Stanojevi\'{c}, Milo\v{s} and Stokowiec, Wojciech and Wang, Luyu and Zhou, Guangyao and Viola, Fabio},
  url = {http://github.com/google-deepmind},
  year = {2020},
}

@article{dosovitskiy2020image,
  title={An image is worth 16x16 words: Transformers for image recognition at scale},
  author={Dosovitskiy, Alexey and Beyer, Lucas and Kolesnikov, Alexander and Weissenborn, Dirk and Zhai, Xiaohua and Unterthiner, Thomas and Dehghani, Mostafa and Minderer, Matthias and Heigold, Georg and Gelly, Sylvain and others},
  journal={arXiv preprint arXiv:2010.11929},
  year={2020}
}


@article{steiner2021train,
  title={How to train your vit? data, augmentation, and regularization in vision transformers},
  author={Steiner, Andreas and Kolesnikov, Alexander and Zhai, Xiaohua and Wightman, Ross and Uszkoreit, Jakob and Beyer, Lucas},
  journal={arXiv preprint arXiv:2106.10270},
  year={2021}
}